% -----------------------------------------------------------------------
% File: smacsmc2013template.bib
% -----------------------------------------------------------------------
% separate each line item with space, otherwise the reference will not be hyperlinked
% put the keyword "and" between authors to separate them.


@inproceedings{roberts_web_2013,
    address = {Daejeon, Seoul},
    title = {The Web Browser As Synthesizer And Interface},
    booktitle = {Proceedings of New Interfaces for Musical Expression ({NIME)}},
    author = {Roberts, Charles and Wakefield, Graham and Wright, Matthew},
    year = {2013},
    pages     = {313-318},
}

@article{DBLP:journals/comj/WyseS13,
    author    = {Lonce Wyse and Srikumar Subramanian},
    title     = {The Viability of the Web Browser as a Computer Music Platform},
    journal   = {Computer Music Journal},
    volume    = {37},
    number    = {4},
    year      = {2013},
    pages     = {10-23},
    ee        = {http://dx.doi.org/10.1162/COMJ_a_00213},
    bibsource = {DBLP, http://dblp.uni-trier.de}
}


@misc{graham2004beating,
  title={Beating the averages},
  author={Graham, Paul},
  year={2004}
}

@inproceedings{lloyd1994practical,
  title={Practical advantages of declarative programming},
  author={Lloyd, John W},
  booktitle={Joint Conference on Declarative Programming, GULP-PRODE},
  volume={94},
  pages={94},
  year={1994}
}
